%% 13
@article{Dimitrova:2002,
    author = {Dimitrova, Nevenka and Zhang, Hong-Jiang and Shahraray, Behzad and Sezan, Ibrahim and Huang, Thomas and Zakhor, Avideh},
    title = {Applications of Video-Content Analysis and Retrieval},
    journal = {IEEE MultiMedia},
    issue_date = {July 2002},
    volume = {9},
    number = {3},
    month = {jul},
    year = {2002},
    issn = {1070-986X},
    pages = {42--55},
    numpages = {14},
    url = {http://dx.doi.org/10.1109/MMUL.2002.1022858},
    doi = {10.1109/MMUL.2002.1022858},
    acmid = {615126},
    publisher = {IEEE Computer Society Press},
    address = {Los Alamitos, CA, USA},
}


@article{smeaton:2006,
    added-at = {2010-05-16T11:13:40.000+0200},
    author = {Smeaton, A. F.},
    biburl = {http://www.bibsonomy.org/bibtex/262c2d79549a47a29c9adeb7e295342b4/nasi},
    description = {The paper gives an overview on the topic of content-based video retrieval by introducing methods that are already being employed. Furthermore, several aspects of future content-based video retrieval are discussed. },
    interhash = {afb569fd579e9e7234a351a37d7ca964},
    intrahash = {62c2d79549a47a29c9adeb7e295342b4},
    journal = {Information Systems},
    keywords = {analysis browse color content-based frame indexing keyframe motion overview retrieval scene summary tobbac trecvid user video wisrep10},
    number = 4,
    pages = {545-559},
    timestamp = {2010-05-16T11:13:40.000+0200},
    title = {Techniques used and open challenges to the analysis, indexing and retrieval of digital video},
    volume = 32,
    year = 2006
}



@inproceedings{Chung:2007:PAU,
    author = {Chung, Yuk Ying and Chin, Wai Kwok Jess and Chen, Xiaoming and Shi, David Yu and Choi, Eric and Chen, Fang},
    title = {Performance Analysis of Using Wavelet Transform in Content Based Video Retrieval System},
    booktitle = {Proceedings of the 2007 Annual Conference on International Conference on Computer Engineering and Applications},
    series = {CEA'07},
    year = {2007},
    isbn = {978-960-8457-58-4},
    location = {Gold Coast, Queensland, Australia},
    pages = {277--282},
    numpages = {6},
    url = {http://dl.acm.org/citation.cfm?id=1348258.1348307},
    acmid = {1348307},
    publisher = {World Scientific and Engineering Academy and Society (WSEAS)},
    address = {Stevens Point, Wisconsin, USA},
    keywords = {clustering algorithms, video retrieval, wavelet transform},
}

%% 17
@inproceedings{Nigay:1993,
    author = {Nigay, Laurence and Coutaz, Jo\"{e}lle},
    title = {A Design Space for Multimodal Systems: Concurrent Processing and Data Fusion},
    booktitle = {Proceedings of the INTERACT '93 and CHI '93 Conference on Human Factors in Computing Systems},
    series = {CHI '93},
    year = {1993},
    isbn = {0-89791-575-5},
    location = {Amsterdam, The Netherlands},
    pages = {172--178},
    numpages = {7},
    url = {http://doi.acm.org/10.1145/169059.169143},
    doi = {10.1145/169059.169143},
    acmid = {169143},
    publisher = {ACM},
    address = {New York, NY, USA},
    keywords = {concurrency, data fusion, design space, modality, multimodal interaction, software architecture, taxonomy},
}

%% 47, 8
@article{Zhang:2012,
    AUTHOR = {Tianzhu Zhang and Changsheng Xu and Guangyu Zhu and Si Liu and Hanqing Lu},
    TITLE = {A Generic Framework for Video Annotation via Semi-Supervised Learning},
    JOURNAL = {IEEE Transactions on Multimedia},
    PAGES = {1206-1219},
    YEAR = {2012},
}


%% 8
@article{XinmieTian:2011,
    author = {Xinmie Tian and Linjun Yang and Jingdong Wang and Xiuqing Wu and Xian-Sheng Hua},
    title = {Bayesian Visual Reranking},
    journal = {Trans. Multi.},
    volume = {13},
    number = {4},
    month = {aug},
    year = {2011},
    issn = {1520-9210},
    pages = {639--652},
    numpages = {14},
    url = {http://dx.doi.org/10.1109/TMM.2011.2111363},
    doi = {10.1109/TMM.2011.2111363},
    acmid = {2334920},
    ISSN={1520-9210},
    keywords={belief networks;text analysis;video retrieval;Bayesian visual reranking;image search results;pair-wise method;text-based video search results;textual information;visual consistency;visual information;Bayesian methods;Face detection;Kernel;Laplace equations;Predictive models;Probabilistic logic;Visualization;Image search;ranking distance;video search;visual consistency;visual reranking},
    publisher = {IEEE Press},
    address = {Piscataway, NJ, USA},
}


%% 19
@article{Truong:2007,
    author = {Truong, Ba Tu and Venkatesh, Svetha},
    title = {Video Abstraction: A Systematic Review and Classification},
    journal = {ACM Trans. Multimedia Comput. Commun. Appl.},
    issue_date = {February 2007},
    volume = {3},
    number = {1},
    month = {feb},
    year = {2007},
    issn = {1551-6857},
    articleno = {3},
    url = {http://doi.acm.org/10.1145/1198302.1198305},
    doi = {10.1145/1198302.1198305},
    acmid = {1198305},
    publisher = {ACM},
    address = {New York, NY, USA},
    keywords = {Video summarization, keyframe, survey, video abstraction, video skimming},
}

%% 20
@article{Zhang:2003,
    author = {Zhang, Xu-Dong and Liu, Tie-Yan and Lo, Kwok-Tung and Feng, Jian},
    title = {Dynamic Selection and Effective Compression of Key Frames for Video Abstraction},
    journal = {Pattern Recogn. Lett.},
    volume = {24},
    number = {9-10},
    month = {jun},
    year = {2003},
    issn = {0167-8655},
    pages = {1523--1532},
    numpages = {10},
    url = {http://dx.doi.org/10.1016/S0167-8655(02)00391-4},
    doi = {10.1016/S0167-8655(02)00391-4},
    acmid = {770377},
    publisher = {Elsevier Science Inc.},
    address = {New York, NY, USA},
    keywords = {clustering and video abstraction, key frame selection, motion compensation},
}

article{Kazunori:2006,
    author = {Kazunori Matsumoto and Masaki Naito and Keiichiro Hoashi and Fumiaki Sugaya},
    title = {SVM-Based Shot Boundary Detection with a Novel Feature},
    journal ={2012 IEEE International Conference on Multimedia and Expo},
    volume = {0},
    isbn = {1-4244-0366-7},
    year = {2006},
    pages = {1837-1840},
    doi = {http://doi.ieeecomputersociety.org/10.1109/ICME.2006.262911},
    publisher = {IEEE Computer Society},
    address = {Los Alamitos, CA, USA},
}


@article{Ferman:2003,
    author={Ferman, AM. and Tekalp, AM.},
    journal={Multimedia, IEEE Transactions on},
    title={Two-stage hierarchical video summary extraction to match low-level user browsing preferences},
    year={2003},
    month={June},
    volume={5},
    number={2},
    pages={244-256},
    keywords={fuzzy logic;image processing;image sequences;multimedia systems;visual databases;MPEG-7;MPEG-7-compliant hierarchical key frame;cluster validation;content production;data pruning methods;fuzzy clustering;low-level browsing preferences;low-level user browsing preferences;two-stage framework;two-stage hierarchical video summary extraction;user interaction;video databases;video programs;video sequences;Decision support systems;Fuzzy sets;MPEG 7 Standard;Navigation;Production;Standardization;Video on demand;Video sequences;Visual databases;Visualization},
    doi={10.1109/TMM.2003.811617},
    ISSN={1520-9210},
}


%% 22
@article{Truong:2003,
    author = {Truong, Ba Tu and Venkatesh, S. and Dorai, C.},
    title = {Scene Extraction in Motion Pictures},
    journal = {IEEE Trans. Cir. and Sys. for Video Technol.},
    issue_date = {January 2003},
    volume = {13},
    number = {1},
    month = {jan},
    year = {2003},
    issn = {1051-8215},
    pages = {5--15},
    numpages = {11},
    url = {http://dx.doi.org/10.1109/TCSVT.2002.808084},
    doi = {10.1109/TCSVT.2002.808084},
    acmid = {2323427},
    publisher = {IEEE Press},
    address = {Piscataway, NJ, USA},
}

%% 25
@inproceedings{Sundaram:2000,
    author={Sundaram, H. and Shih-Fu Chang},
    booktitle={Multimedia and Expo, 2000. ICME 2000. 2000 IEEE International Conference on},
    title={Video scene segmentation using video and audio features},
    year={2000},
    volume={2},
    pages={1145-1148 vol.2},
    keywords={audio signal processing;image segmentation;multimedia systems;video signal processing;audio data segmentation;audio-visual data;commercial film;finite-memory model;local correlation minima;nearest neighbor algorithm;shot key-frames;time-alignment distribution;video scene segmentation;Event detection;Explosions;Fuses;Image segmentation;Layout;Music;Navigation;Nearest neighbor searches;Speech;Testing},
    doi={10.1109/ICME.2000.871563},
}


%% 27
@article{Chen:2008,
    author = {Chen, Liang-Hua and Lai, Yu-Chun and Mark Liao, Hong-Yuan},
    title = {Movie Scene Segmentation Using Background Information},
    journal = {Pattern Recogn.},
    issue_date = {March, 2008},
    volume = {41},
    number = {3},
    month = {mar},
    year = {2008},
    issn = {0031-3203},
    pages = {1056--1065},
    numpages = {10},
    url = {http://dx.doi.org/10.1016/j.patcog.2007.07.024},
    doi = {10.1016/j.patcog.2007.07.024},
    acmid = {1298947},
    publisher = {Elsevier Science Inc.},
    address = {New York, NY, USA},
    keywords = {Scene extraction, Shot clustering, Video content analysis, Video segmentation},
}

%% 57
@article{Repp:2008,
    author = {Stephan Repp and Andreas Grob and Christoph Meinel},
    title = {Browsing within Lecture Videos Based on the Chain Index of Speech Transcription},
    journal ={IEEE Transactions on Learning Technologies},
    volume = {1},
    number = {3},
    issn = {1939-1382},
    year = {2008},
    pages = {145-156},
    doi = {http://doi.ieeecomputersociety.org/10.1109/TLT.2008.22},
    publisher = {IEEE Computer Society},
    address = {Los Alamitos, CA, USA},
}

%% 58
@article{Kumar:2011,
    author = {Vijaya Kumar Kamabathula and Sridhar Iyer},
    title = {Automated Tagging to Enable Fine-Grained Browsing of Lecture Videos},
    journal ={2012 IEEE Fourth International Conference on Technology for Education},
    volume = {0},
    isbn = {978-0-7695-4534-9},
    year = {2011},
    pages = {96-102},
    doi = {http://doi.ieeecomputersociety.org/10.1109/T4E.2011.23},
    publisher = {IEEE Computer Society},
    address = {Los Alamitos, CA, USA},
}


%% 29

@article{Yan:2007,
    author    = {Rong Yan and Alexander G. Hauptmann},
    title     = {A review of text and image retrieval approaches for broadcast news video},
    journal   = {Inf. Retr.},
    volume    = {10},
    number    = {4-5},
    year      = {2007},
    pages     = {445-484},
    ee        = {http://dx.doi.org/10.1007/s10791-007-9031-y},
    bibsource = {DBLP, http://dblp.uni-trier.de}
}

%% 30
@article{Adcock:2004,
    title={Fxpal experiments for trecvid 2004},
    author={Adcock, John and Girgensohn, Andreas and Cooper, Matthew and Liu, Ting and Wilcox, Lynn and Rieffel, Eleanor},
    journal={Proceedings of the TREC Video Retrieval Evaluation (TRECVID)},
    pages={70--81},
    year={2004}
}

%% 31
@InProceedings{Hauptmann:2003,
    author       = {Hauptmann, A. G. and Baron, R. V. and Chen, M. Y. and Christel, M.
    and Duygulu, P. and Huang, C. and Jin, R. and Lin, W. H.
    and Ng, D. and Moraveji, N. and Papernick, N. and Snoek, C. G. M.
    and Tzanetakis, G. and Yang, J. and Yan, R. and Wactlar, H. D.},
    title        = {Informedia at TRECVID 2003: Analyzing and Searching Broadcast News Video},
    booktitle    = {Proceedings of the TRECVID Workshop},
    year         = {2003},
    url          = {http://www.science.uva.nl/research/publications/2003/HauptmannPTRECVID2003}
}

%% 32
@inproceedings{Sivic:2005,
    author       = {Sivic, J. and Everingham, M. and Zisserman, A.},
    title        = {Person Spotting: {V}ideo Shot Retrieval for Face Sets},
    booktitle    = {ACM International Conference on Image and Video Retrieval},
    year         = {2005},
}


%% 33
@article{Anjulan:2009,
    title = {A unified framework for object retrieval and mining},
    author = {A Anjulan and CN Canagarajah},
    note = {Publisher: IEEE},
    year = {2009},
    doi = {10.1109/TCSVT.2008.2005801},
    volume = {19 (1)},
    pages = {63 -- 76},
    journal = {IEEE Transactions on Circuits and Systems for Video Technology},
    issn = {10518215},
}


%% 59
@techreport{Haase:95,
    author = {Kenneth B. Haase and Marc Eliot Davis and Marc Eliot Davis},
    title = {Media Streams: Representing Video for Retrieval and Repurposing},
    year = {1995}
}


%% 63
@article{Xiangang:2011,
    author    = {Xiangang Cheng and
    Liang-Tien Chia},
    title     = {Stratification-Based Keyframe Cliques for Effective and
    Efficient Video Representation},
    journal   = {IEEE Transactions on Multimedia},
    volume    = {13},
    number    = {6},
    year      = {2011},
    pages     = {1333-1342},
    ee        = {http://dx.doi.org/10.1109/TMM.2011.2167222},
    bibsource = {DBLP, http://dblp.uni-trier.de}
}


%% 35
@inproceedings{Quack:2006,
    author       = {Quack, T. and Ferrari, V. and Gool, L.},
    title        = {Video mining with frequent item set configurations},
    booktitle    = {Int. Conf. Image Video Retrieval},
    pages        = {360–369},
    year         = {2006},
}

%% 38
@inproceedings{Kulesh:2001,
    added-at = {2003-07-22T00:00:00.000+0200},
    author = {Kulesh, Victor and Petrushin, Valery A. and Sethi, Ishwar K.},
    biburl = {http://www.bibsonomy.org/bibtex/272d09dfaad213469544180b52268fe26/dblp},
    booktitle = {MDM/KDD},
    date = {2003-07-22},
    description = {dblp},
    editor = {Zaiane, Osmar R. and Simoff, Simeon J.},
    keywords = {dblp},
    pages = {31-37},
    publisher = {University of Alberta},
    timestamp = {2003-07-22T00:00:00.000+0200},
    title = {The PERSEUS Project: Creating Personalized Multimedia News Portal.},
    url = {http://dblp.uni-trier.de/db/conf/kdd/mdm2001.html},
    year = 2001
}

%% 43
@article{Wu:2012,
    author    = {Jun Wu and Marcel Worring},
    title     = {Efficient Genre-Specific Semantic Video Indexing},
    journal   = {IEEE Transactions on Multimedia},
    volume    = {14},
    number    = {2},
    year      = {2012},
    pages     = {291-302},
    ee        = {http://dx.doi.org/10.1109/TMM.2011.2174969},
    bibsource = {DBLP, http://dblp.uni-trier.de},
    month={April},
    keywords={computational linguistics;indexing;learning (artificial intelligence);pattern classification;semantic Web;video retrieval;classical learning problem;genre specific concept detection;genre specific topic search;search tasks;semantic video indexing;training set;video genre classification;Bicycles;Computational modeling;Detectors;Indexing;Joints;Semantics;Training;Efficiency;genre classification;genre-specific concept detection;semantic indexing},
    doi={10.1109/TMM.2011.2174969},
    ISSN={1520-9210}
}



%% 44
@inproceedings{Jiang:2007,
 author = {Jiang, Yu-Gang and Ngo, Chong-Wah and Yang, Jun},
 title = {Towards Optimal Bag-of-features for Object Categorization and Semantic Video Retrieval},
 booktitle = {Proceedings of the 6th ACM International Conference on Image and Video Retrieval},
 series = {CIVR '07},
 year = {2007},
 isbn = {978-1-59593-733-9},
 location = {Amsterdam, The Netherlands},
 pages = {494--501},
 numpages = {8},
 url = {http://doi.acm.org/10.1145/1282280.1282352},
 doi = {10.1145/1282280.1282352},
 acmid = {1282352},
 publisher = {ACM},
 address = {New York, NY, USA},
 keywords = {bag-of-features, kernel, keypoint detector, object categorization, semantic video retrieval, soft-weighting},
}



%% 45
@inproceedings{Chang:2002,
    author = {Peng Chang and Mei Han and Yihong Gong},
    title = {Extract Highlights From Baseball Game Video With Hidden Markov Models},
    year = {2002},
    pages = {609--612}
}


%% 48
@inproceedings{Yang:2007,
    author = {Yang, Linjun and Liu, Jiemin and Yang, Xiaokang and Hua, Xian-Sheng},
    title = {Multi-modality Web Video Categorization},
    booktitle = {Proceedings of the International Workshop on Workshop on Multimedia Information Retrieval},
    series = {MIR '07},
    year = {2007},
    isbn = {978-1-59593-778-0},
    location = {Augsburg, Bavaria, Germany},
    pages = {265--274},
    numpages = {10},
    url = {http://doi.acm.org/10.1145/1290082.1290119},
    doi = {10.1145/1290082.1290119},
    acmid = {1290119},
    publisher = {ACM},
    address = {New York, NY, USA},
    keywords = {video categorization, web video},
}


%% 49-1
@article{Weal:2012,
    author = {M. J. Weal and D. T. Michaelides and K. Page and David C. De Roure and E. Monger and M. Gobbi},
    title = {Semantic Annotation of Ubiquitous Learning Environments},
    journal ={IEEE Transactions on Learning Technologies},
    volume = {5},
    number = {2},
    issn = {1939-1382},
    year = {2012},
    pages = {143-156},
    doi = {http://doi.ieeecomputersociety.org/10.1109/TLT.2011.37},
    publisher = {IEEE Computer Society},
    address = {Los Alamitos, CA, USA},
}

@inproceedings{Sargin:2011,
    author    = {Mehmet Emre Sargin and
                Hrishikesh Aradhye},
    title     = {Boosting video classification using cross-video signals},
    booktitle={Acoustics, Speech and Signal Processing (ICASSP), 2011 IEEE International Conference},
    year      = {2011},
    month={May},
    pages     = {1805-1808},
    ee        = {http://dx.doi.org/10.1109/ICASSP.2011.5946854},
    bibsource = {DBLP, http://dblp.uni-trier.de},
    keywords={signal classification;video signal processing;absolute equal error rate;cross-video signals;large-scale video databases;online video services;video classification;Face;Feature extraction;Histograms;Image edge detection;Speech;Streaming media;Training;Video classification;Video databases},
    doi={10.1109/ICASSP.2011.5946854},
    ISSN={1520-6149}

}


%% 52
@article{Aytar:2008,
    author = {Yusuf Aytar and  Mubarak Shah and  Jiebo Luo},
    title = {Utilizing semantic word similarity measures for video retrieval},
    journal ={2013 IEEE Conference on Computer Vision and Pattern Recognition},
    volume = {0},
    isbn = {978-1-4244-2242-5},
    year = {2008},
    pages = {1-8},
    doi = {http://doi.ieeecomputersociety.org/10.1109/CVPR.2008.4587822},
    publisher = {IEEE Computer Society},
    address = {Los Alamitos, CA, USA},
}

%% 51
@inproceedings{Sivic:2006,
  author    = {Josef Sivic and
               Andrew Zisserman},
  title     = {Video Google: Efficient Visual Search of Videos},
  booktitle = {Toward Category-Level Object Recognition},
  year      = {2006},
  pages     = {127-144},
  ee        = {http://dx.doi.org/10.1007/11957959_7},
  bibsource = {DBLP, http://dblp.uni-trier.de}
}


%% 53
@inproceedings{Browne:2005,
    added-at = {2013-02-25T00:00:00.000+0100},
    author = {Browne, Paul and Smeaton, Alan F.},
    biburl = {http://www.bibsonomy.org/bibtex/289f481bb4e622dd0481d019e1fe33ef5/dblp},
    booktitle = {ICIP (3)},
    ee = {http://dx.doi.org/10.1109/ICIP.2005.1530615},
    interhash = {f697c4427aee43debc36a3277b1f8777},
    intrahash = {89f481bb4e622dd0481d019e1fe33ef5},
    keywords = {dblp},
    pages = {1208-1211},
    publisher = {IEEE},
    timestamp = {2013-02-25T00:00:00.000+0100},
    title = {Video retrieval using dialogue, keyframe similarity and video objects.},
    url = {http://dblp.uni-trier.de/db/conf/icip/icip2005-3.html},
    year = 2005
}


%% 54
@article{Snoek:2007,
    author = {Cees G. M. Snoek and Bouke Huurnink and Laura Hollink and Maarten de Rijke and Guus Schreiber and Marcel Worring},
    title = {Adding Semantics to Detectors for Video Retrieval},
    journal = {{IEEE} Transactions on Multimedia},
    month = {August},
    year = {2007},
    volume = {9},
    number = {5},
    pages = {975--986},
    pdf = {http://isis-data.science.uva.nl/cgmsnoek/pub/snoek-semantics2detectors-tmm.pdf},
    abstract = {In this paper, we propose an automatic video retrieval method based on high-level concept detectors. Research in video analysis has reached the point where over 100 concept detectors can be learned in a generic fashion, albeit with mixed performance. Such a set of detectors is very small still compared to ontologies aiming to capture the full vocabulary a user has. We aim to throw a bridge between the two fields by building a multimedia thesaurus, i.e., a set of machine learned concept detectors that is enriched with semantic descriptions and semantic structure obtained from WordNet. Given a multimodal user query, we identify three strategies to select a relevant detector from this thesaurus, namely: text matching, ontology querying, and semantic visual querying. We evaluate the methods against the automatic search task of the TRECVID 2005 video retrieval benchmark, using a news video archive of 85 h in combination with a thesaurus of 363 machine learned concept detectors. We assess the influence of thesaurus size on video search performance, evaluate and compare the multimodal selection strategies for concept detectors, and finally discuss their combined potential using oracle fusion. The set of queries in the TRECVID 2005 corpus is too small for us to be definite in our conclusions, but the results suggest promising new lines of research. }
}

%% 55 -> 52

%% 56
@inproceedings{Chen:2008:a,
    author = {Chen, Liang-Hua and Chin, Kuo-Hao and Liao, Hong-Yuan},
    title = {An Integrated Approach to Video Retrieval},
    booktitle = {Nineteenth Australasian Database Conference (ADC 2008)},
    editor = {Fekete, Alan and Lin, Xuemin},
    series= {CRPIT},
    address= {Wollongong, NSW, Australia},
    publisher = {ACS},
    volume = {75},
    pages = {49-55},
    year = {2008}
}

%% 4
@article{Fu:2010,
    author={Yanwei Fu and Yanwen Guo and Yanshu Zhu and Feng Liu and Chuanming Song and Zhi-Hua Zhou},
    journal={Multimedia, IEEE Transactions on},
    title={Multi-View Video Summarization},
    year={2010},
    month={Nov},
    volume={12},
    number={7},
    pages={717-729},
    keywords={encoding;entropy;spatiotemporal phenomena;video coding;Gaussian entropy fusion scheme;hypergraph;multi objective optimization;spatio temporal shot graph;temporal order;video summarization;Entropy;Fusion power generation;Information technology;Labeling;Permission;Radio access networks;Multi-objective optimization;multi-view video;random walks;spatio-temporal graph;video summarization},
    doi={10.1109/TMM.2010.2052025},
    ISSN={1520-9210},
}

%% 5
@article{Wang:2012,
    author={Meng Wang and Hong, R. and Guangda Li and Zheng-Jun Zha and Shuicheng Yan and Tat-Seng Chua},
    journal={Multimedia, IEEE Transactions on},
    title={Event Driven Web Video Summarization by Tag Localization and Key-Shot Identification},
    year={2012},
    month={Aug},
    volume={14},
    number={4},
    pages={975-985},
    keywords={Internet;data mining;query processing;search engines;video signal processing;Internet;event driven Web video summarization;event query by matching;key-shot identification;key-shot mining;search engines;shot-level tags;tag localization;video skimming;visual-textual storyboard;Message systems;Multimedia communication;Redundancy;Streaming media;Tagging;Visualization;YouTube;Event-driven summarization;key-shot identification;tag localization;web videos},
    doi={10.1109/TMM.2012.2185041},
    ISSN={1520-9210},
}

%% 10
@ARTICLE{Huurnink:2012,
    author={Huurnink, B. and Snoek, C. G M and de Rijke, M. and Smeulders, A W M},
    journal={Multimedia, IEEE Transactions on},
    title={Content-Based Analysis Improves Audiovisual Archive Retrieval},
    year={2012},
    month={Aug},
    volume={14},
    number={4},
    pages={1166-1178},
    keywords={audio-visual systems;content-based retrieval;information needs;multimedia databases;search engines;television broadcasting;video retrieval;archive-created catalog entries;audiovisual archive;content purchase;content-based analysis;content-based video retrieval;fine-grained broadcast television content access;information needs;logged search;multimedia content analysis;performance gains;quantitative retrieval evaluation;query sets;query-level analysis;relevance judgments;retrieval data;retrieval performance;session information;shot retrieval;television program retrieval;video search engine;Accuracy;Detectors;Electronic mail;Humans;Manuals;Materials;Visualization;Benchmark testing;content based retrieval;multimedia databases;search problems},
    doi={10.1109/TMM.2012.2193561},
    ISSN={1520-9210},
}


%% 1
@article{Chen:2012,
    author={Xu Chen and Hero, AO. and Savarese, S.},
    journal={Multimedia, IEEE Transactions on},
    title={Multimodal Video Indexing and Retrieval Using Directed Information},
    year={2012},
    month={Feb},
    volume={14},
    number={1},
    pages={3-16},
    keywords={audio-visual systems;feature extraction;indexing;optimisation;statistical distributions;transforms;video retrieval;RASTA-PLP feature;SIFT feature;SODA;activity recognition;audio localization;audio-visual feature representation;classical mutual information;data indexing;data retrieval;information flow;joint probability density function;missaligned modalities;multimodal video indexing;multimodal video retrieval;probability distribution;shrinkage optimized directed information assessment;similarity measure;video localization;video-audio modalities;Hidden Markov models;Humans;Indexing;Joints;Mutual information;Support vector machines;Visualization;Audio-video pattern recognition;multimedia content retrieval;multimodal feature fusion;nonlinear information flow;overfitting prevention;shrinkage optimization},
    doi={10.1109/TMM.2011.2167223},
    ISSN={1520-9210},
}


%% 2
@article{Zha:2012,
    author={Zheng-Jun Zha and Meng Wang and Yan-Tao Zheng and Yi Yang and Richang Hong and Chua, T.-S.},
    journal={Multimedia, IEEE Transactions on},
    title={Interactive Video Indexing With Statistical Active Learning},
    year={2012},
    month={Feb},
    volume={14},
    number={1},
    pages={17-27},
    keywords={interactive video;learning (artificial intelligence);least squares approximations;signal sampling;statistical analysis;video signal processing;TREC video retrieval evaluation benchmark;TRECVID benchmark;interactive video indexing;local learning model;local learning regularized least square model;optimum experimental design;parameter variance minimization;sample density;sample diversity information;sample local structure;sample relevance;statistical active learning;video concept detection;Algorithm design and analysis;Educational institutions;Indexing;Labeling;Laplace equations;Semantics;Training;Active learning;optimum experimental design;video indexing},
    doi={10.1109/TMM.2011.2174782},
    ISSN={1520-9210},
}

%% 11
@article{Jiang:2012,
    author={Yu-Gang Jiang and Qi Dai and Jun Wang and Chong-Wah Ngo and Xiangyang Xue and Shih-Fu Chang},
    journal={Image Processing, IEEE Transactions on},
    title={Fast Semantic Diffusion for Large-Scale Context-Based Image and Video Annotation},
    year={2012},
    month={June},
    volume={21},
    number={6},
    pages={3080-3091},
    keywords={graph theory;image coding;image recognition;source coding;video signal processing;Flickr images;TV program videos;annotation accuracy;fast semantic diffusion;graph diffusion technique;graph-based learning methods;large-scale context-based image annotation;machine learning;manual tagging;semantic context;semantic graph;source codes;video annotation;visual recognition;Context;Context modeling;Correlation;Cost function;Equations;Semantics;Training;Context;image and video annotation;semantic concept;semantic diffusion (SD)},
    doi={10.1109/TIP.2012.2188038},
    ISSN={1057-7149},
}

%% 12
@article{Yu:2012,
    author={Hong Qing Yu and Pedrinaci, C. and Dietze, S. and Domingue, J.},
    journal={Learning Technologies, IEEE Transactions on},
    title={Using Linked Data to Annotate and Search Educational Video Resources for Supporting Distance Learning},
    year={2012},
    month={April},
    volume={5},
    number={2},
    pages={130-142},
    keywords={Web services;cloud computing;computer aided instruction;distance learning;interactive video;meta data;multimedia computing;online front-ends;video retrieval;vocabulary;Annomation;Linked Data cloud;Linked Data technology;Open University;SugarTube;United Kingdom;browser platform;distance learning;e-learning experiences;educational video resource annotation;educational video resource search;enhanced Web information;extensibility;metadata;multimedia Web;multimedia educational resources;online resources;prototype development;reusability;scalability;semantically linked educational video resource;vocabularies;Mood;Ontologies;Resource description framework;Semantics;Streaming media;Vocabulary;Distance learning;Semantic Web;e-learning;educational video resources;linked data;semantic annotation;semantic search;web services.},
    doi={10.1109/TLT.2012.1},
    ISSN={1939-1382},
}

%% 40
@inproceedings{Tahayna:2010,
    author={Bashar Tahayna. and Mohammed Belkhatir. and Saadat Alhashmi, .M. and Thomas O'Daniel},
    booktitle={Image Processing (ICIP), 2010 17th IEEE International Conference on},
    title={Optimizing support vector machine based classification and retrieval of semantic video events with genetic algorithms},
    year={2010},
    month={Sept},
    pages={1485-1488},
    keywords={operating system kernels;search problems;support vector machines;video retrieval;feature subset selection;genetic algorithms;heuristic-based techniques;kernel-based methods;multimedia classification tasks;semantic video events retrieval;support vector machine;video event classification;video indexing;video retrieval;Feature extraction;Gallium;Kernel;Optimization;Semantics;Support vector machines;Training;Event Classification;Genetic Algorithms;Optimization;Support Vector Machine},
    doi={10.1109/ICIP.2010.5653724},
    ISSN={1522-4880},
}

%% 39
@inproceedings{JaeDeok:2012,
    author={JaeDeok Lim and ByeongCheol Choi and SeungWan Han and ChoelHoon Lee},
    booktitle={Information Science and Digital Content Technology (ICIDT), 2012 8th International Conference on},
    title={Adult movie classification system based on multimodal approach with visual and auditory features},
    year={2012},
    month={June},
    volume={3},
    pages={745-748},
    keywords={adult movie;auditory feature;classification;multimodal;visual feature},
}


%% 64
@ARTICLE{Wei-Ta:2012,
    author={Wei-Ta Chu and Shang-Yin Tsai},
    journal={Multimedia, IEEE Transactions on},
    title={Rhythm of Motion Extraction and Rhythm-Based Cross-Media Alignment for Dance Videos},
    year={2012},
    month={Feb},
    volume={14},
    number={1},
    pages={129-141},
    keywords={motion estimation;music;video signal processing;background music replacement;cross-media correspondence;dance videos;motion extraction rhythm;motion trajectories;music video generation;rhythm information extraction;rhythm of motion estimation;rhythm-based cross-media alignment;rhythmic representation;trajectory stop;turning detection;Cognition;Feature extraction;Motion segmentation;Read only memory;Rhythm;Trajectory;Videos;Background music replacement;motion trajectory;music beat;music video generation;rhythm of motion},
    doi={10.1109/TMM.2011.2172401},
    ISSN={1520-9210},
}


@article{Chih-Wen:2007,
    author={Chih-Wen Su and Liao, H.-Y.M. and Hsiao-Rong Tyan and Lin, Chia-Wen and Duan-Yu Chen and Kuo-Chin Fan},
    journal={Multimedia, IEEE Transactions on},
    title={Motion Flow-Based Video Retrieval},
    year={2007},
    month={Oct},
    volume={9},
    number={6},
    pages={1193-1201},
    keywords={image matching;image motion analysis;query processing;video coding;video retrieval;MPEG bitstreams;matching strategy;motion flow-based video retrieval;motion vectors;query-by-example;query-by-sketch;video database;Motion analysis;video retrieval},
    doi={10.1109/TMM.2007.902875},
    ISSN={1520-9210},
}


@inproceedings{Li:2002,
    author={Li, Huiping and Doermann, D.},
    booktitle={Multimedia Signal Processing, 2002 IEEE Workshop on},
    title={Video indexing and retrieval based on recognized text},
    year={2002},
    month={Dec},
    pages={245-248},
    keywords={image matching;indexing;information retrieval;optical character recognition;text analysis;video signal processing;Glimpse;OCR error;approximate matching;optical character recognition;query word;recognized text;semantic expansion;text detection;text enhancement;text recognition;video OCR;video indexing;video retrieval;Automation;Data mining;Dictionaries;Educational institutions;Indexing;Information retrieval;Motion pictures;Optical character recognition software;Software standards;Text recognition},
    doi={10.1109/MMSP.2002.1203292},
}

%% 37
@inproceedings{Dai:2006,
    author={Kexue Dai and Jun Zhang and Guohui Li},
    booktitle={Multi-Media Modelling Conference Proceedings, 2006 12th International},
    title={Video mining: concepts, approaches and applications},
    year={2006},
    month={},
    pages={4 pp.-},
    keywords={data mining;video databases;video signal processing;data mining;video data;video mining technologies;Application software;Biomedical imaging;Computer vision;Data mining;Engineering management;Systems engineering and theory;Technology management;Typhoons;Video sequences;Videoconference},
    doi={10.1109/MMMC.2006.1651376},
}


%% 46
@article{Hong:2005,
    author = {Hong, G.Y. and Fong, B. and Fong, A.C.M.},
    title = {An intelligent video categorization engine},
    journal = {Kybernetes},
    volume = {34},
    number = {6},
    pages = {784-802},
    year = {2005},
    doi = {10.1108/03684920510595490},
    URL = {http://www.emeraldinsight.com/doi/abs/10.1108/03684920510595490},
    eprint = { http://www.emeraldinsight.com/doi/pdf/10.1108/03684920510595490}
}

@inproceedings{Tamizharasan:2013,
    author = {Tamizharasan, C and Chandrakala S},
    booktitle={International Journal of Emerging Technology and Advanced Engineering},
    title = {A Survey On Multimodal Content Based Video Retrieval},
    month={January},
    volume={3},
    issue={1},
    publisher={Sri Sai Ram Engineering College.
        An ISO 9001:2008 Certified and NBA Accredited Engineering Institute},
    address = {Chennai, INDIA},
    year = {2013}
}


@misc{Seyerlehner:2010,
    author = {Klaus Seyerlehner and Markus Schedl and Tim Pohle and Peter Knees},
    title = {Using Block-Level Features For Genre Classification, Tag Classification And Music Similarity Estimation},
    year = {2010}
}

@article{Ionescu:2012,
    author = {Ionescu, Bogdan and Seyerlehner, Klaus and Rasche, Christoph and Vertan, Constantin and Lambert, Patrick},
    booktitle = {SPIE - Journal of Electronic Imaging},
    citeulike-article-id = {12517886},
    keywords = {genre-tagging-2011, mediaeval-2011, video-genre-categorization},
    posted-at = {2013-07-20 23:38:07},
    priority = {3},
    title = {{Video Genre Categorization and Representation using Audio-Visual Information}},
    volume = {21(2)},
    year = {2012}
}


@article{Karpenko:2011,
    author={Karpenko, A and Aarabi, P.},
    journal={Pattern Analysis and Machine Intelligence, IEEE Transactions on},
    title={Tiny Videos: A Large Data Set for Nonparametric Video Retrieval and Frame Classification},
    year={2011},
    month={March},
    volume={33},
    number={3},
    pages={618-630},
    keywords={data compression;data mining;image classification;image representation;pattern clustering;sampling methods;video coding;video retrieval;Internet;YouTube;affinity propagation;data mining techniques;exemplar based clustering algorithm;frame sampling;high video compression rates;nonparametric video retrieval;tiny videos;user labeled videos;video frames classification;video recall;visual appearance;Clustering algorithms;Data mining;Image coding;Image recognition;Image retrieval;Image sampling;Information retrieval;Video compression;Visual databases;YouTube;Image classification;content-based retrieval;data mining;nearest-neighbor methods.;tiny images;tiny videos;Algorithms;Artificial Intelligence;Cluster Analysis;Database Management Systems;Databases, Factual;Fractals;Image Enhancement;Image Interpretation, Computer-Assisted;Information Storage and Retrieval;Internet;Pattern Recognition, Automated;Video Recording;Videotape Recording},
    doi={10.1109/TPAMI.2010.118},
    ISSN={0162-8828},
}


@article{Andre:2012,
    author={Andre, B. and Vercauteren, T. and Buchner, AM. and Wallace, M.B. and Ayache, N.},
    journal={Medical Imaging, IEEE Transactions},
    title={Learning Semantic and Visual Similarity for Endomicroscopy Video Retrieval},
    year={2012},
    month={June},
    volume={31},
    number={6},
    pages={1276-1288},
    keywords={biomedical optical imaging;content-based retrieval;endoscopes;knowledge acquisition;learning (artificial intelligence);medical image processing;semantic networks;video retrieval;Dense-Sift;adapted bag-of-visual-words method;computer vision technique;content-based image retrieval;cross-validation;diagnosis support;distance learning method;endomicroscopy retrieval;endomicroscopy video retrieval;endoscopy;high-level medical knowledge;in vivo endomicroscopy;intuitive Fisher-based method;low-level visual signatures;medical community;semantic detection;semantic ground truth;semantic knowledge extraction;semantic signatures;semantic similarity learning;state-of-the-art CBIR methods;support vector machine methods;visual outputs;visual similarity learning;visual-word histograms;Colonic polyps;Computer aided instruction;Image retrieval;Medical diagnostic imaging;Semantics;Visualization;Bag-of-visual-words (BoW);content-based image retrieval (CBIR);endomicroscopy;semantic and visual similarity;semantic gap;similarity learning;Algorithms;Artificial Intelligence;Capsule Endoscopy;Colonic Neoplasms;Humans;Image Enhancement;Image Interpretation, Computer-Assisted;Information Storage and Retrieval;Microscopy, Video;Pattern Recognition, Automated;Radiology Information Systems;Reproducibility of Results;Semantics;Sensitivity and Specificity;Subtraction Technique},
    doi={10.1109/TMI.2012.2188301},
    ISSN={0278-0062},
}


@article{Nabeel:2014,
    author={Muhammad Nabeel Asghar and Fiaz Hussain and Rob Manton},
    journal={International Journal of Computer and Information Technology},
    title={Video Indexing: A Survey},
    year={2014},
    month={January},
    volume={03},
    issue={01},
    pages={148-169},
    ISSN={2279-0764},
}


@article{Paul:2013,
    author = {Paul, Anand and Chen, Bo-Wei and Bharanitharan, Karunanithi and Wang, Jhing-Fa},
    title = {Video Search and Indexing with Reinforcement Agent for Interactive Multimedia Services},
    journal = {ACM Trans. Embed. Comput. Syst.},
    issue_date = {February 2013},
    volume = {12},
    number = {2},
    month = {feb},
    year = {2013},
    issn = {1539-9087},
    pages = {25:1--25:16},
    articleno = {25},
    numpages = {16},
    url = {http://doi.acm.org/10.1145/2423636.2423643},
    doi = {10.1145/2423636.2423643},
    acmid = {2423643},
    publisher = {ACM},
    address = {New York, NY, USA},
    keywords = {Additional Key Words and Phrases: Multimedia information systems, content analysis and indexing},
}


